@misc{CI_Atlassian,
  author       = {Atlassian},
  howpublished = {\url{https://www.atlassian.com/continuous-delivery/continuous-integration} (Elérés ideje: 2019.12.10.)},
  title        = {What is Continuous Integration},
}

@misc{Branch_Git,
  author       = {Git},
  howpublished = {\url{https://git-scm.com/book/en/v2/Git-Branching-Branches-in-a-Nutshell} (Elérés ideje: 2019.12.10.)},
  title        = {Git Branching - Branches in a Nutshell},
}

@misc{CD_Atlassian,
  author       = {Atlassian},
  howpublished = {\url{https://www.atlassian.com/continuous-delivery/principles} (Elérés ideje: 2019.12.10.)},
  title        = {Continuous delivery principles},
}

@misc{Elastic_Turbonomic,
  author       = {Leah Schoeb},
  howpublished = {\url{https://blog.turbonomic.com/blog/on-technology/cloud-elasticity-vs-cloud-scalability} (Elérés ideje: 2019.12.10.)},
  title        = {Cloud Elasticity vs Cloud Scalability},
}

@misc{Node_W3,
  author       = {W3 Schools},
  howpublished = {\url{https://www.w3schools.com/whatis/whatis_npm.asp} (Elérés ideje: 2019.12.11.)},
  title        = {What is npm?},
}

@misc{SpringBoot,
  author       = {Pivotal Software},
  howpublished = {\url{https://spring.io/projects/spring-boot} (Elérés ideje: 2019.12.11.)},
  title        = {Spring Boot},
}

@misc{HSQL,
  author       = {Solid IT GmbH},
  howpublished = {\url{https://db-engines.com/en/system/HyperSQL} (Elérés ideje: 2019.12.11.)},
  title        = {HyperSQL System Properties},
}

@misc{HTTP_RFC,
  author       = {The Internet Society},
  howpublished = {\url{http://www.rfc-editor.org/rfc/rfc2616.txt} (Elérés ideje: 2019.12.11.)},
  title        = {Hypertext Transfer Protocol -- HTTP/1.1},
}

@misc{ripHTTP2,
  author       = {Q-Success},
  howpublished = {\url{https://w3techs.com/technologies/details/ce-http2} (Elérés ideje: 2019.12.11.)},
  title        = {Usage statistics of HTTP/2 for websites},
}

@misc{HTTP2_RFC,
  author       = {Internet Engineering Task Force (IETF)},
  howpublished = {\url{https://tools.ietf.org/html/rfc7540} (Elérés ideje: 2019.12.11.)},
  title        = {Usage statistics of HTTP/2 for websites},
}

@misc{WS_RFC,
  author       = {Internet Engineering Task Force (IETF)},
  howpublished = {\url{https://tools.ietf.org/html/rfc6455} (Elérés ideje: 2019.12.11.)},
  title        = {The WebSocket Protocol},
}

@misc{AWSshare,
  author       = {Felix Richter},
  howpublished = {\url{https://www.statista.com/chart/18819/worldwide-market-share-of-leading-cloud-infrastructure-service-providers/} (Elérés ideje: 2019.12.12.)},
  title        = {Amazon Dominates Public Cloud Market},
}

@misc{VPC,
  author       = {Amazon Web Services},
  howpublished = {\url{https://docs.aws.amazon.com/vpc/latest/userguide/how-it-works.html} (Elérés ideje: 2019.12.13.)},
  title        = {How Amazon VPCs Work},
}

@misc{ContOrch,
  author       = {Hewlett Packard Enterprise},
  howpublished = {\url{https://www.hpe.com/emea_europe/en/what-is/container-orchestration.html} (Elérés ideje: 2019.12.13.)},
  title        = {What is container orchestration?},
}

@misc{k8s,
  author       = {The Kubernetes Authors},
  howpublished = {\url{https://kubernetes.io/docs/concepts/#kubernetes-objects} (Elérés ideje: 2019.12.13.)},
  title        = {Kubernetes Objects},
}

@misc{GHAction,
  author       = {Nat Friedman},
  howpublished = {\url{https://github.blog/2019-08-08-github-actions-now-supports-ci-cd/} (Elérés ideje: 2019.12.14.)},
  title        = {GitHub Actions now supports CI/CD, free for public repositories},
}

@misc{db_k8s,
  author       = {The Kubernetes Authors},
  howpublished = {\url{https://kubernetes.io/docs/tasks/run-application/run-replicated-stateful-application/#deploy-mysql} (Elérés ideje: 2019.12.16.)},
  title        = {Deploy MySQL},
}

@misc{multistage_docker,
  author       = {Docker Inc.},
  howpublished = {\url{https://docs.docker.com/develop/develop-images/multistage-build/} (Elérés ideje: 2019.12.16.)},
  title        = {Multi-stage builds},
}

@misc{ECR_IAM,
  author       = {Amazon Web Services},
  howpublished = {\url{https://docs.aws.amazon.com/AmazonECR/latest/userguide/ECR_on_EKS.html} (Elérés ideje: 2019.12.17.)},
  title        = {Using Amazon ECR Images with Amazon EKS},
}

@misc{OIDC_IAM,
  author       = {Micah Hausler és Michael Hausenblas},
  howpublished = {\url{https://aws.amazon.com/blogs/opensource/introducing-fine-grained-iam-roles-service-accounts/} (Elérés ideje: 2019.12.17.)},
  title        = {Introducing fine-grained IAM roles for service accounts},
}

@misc{ingresscontroller_k8s,
  author       = {The Kubernetes Authors},
  howpublished = {\url{https://kubernetes.io/docs/concepts/services-networking/ingress-controllers/} (Elérés ideje: 2019.12.17.)},
  title        = {Ingress Controllers},
}

@misc{helm_eks,
  author       = {Amazon Web Services},
  howpublished = {\url{https://docs.aws.amazon.com/eks/latest/userguide/helm.html} (Elérés ideje: 2019.12.17.)},
  title        = {Using Helm with Amazon EKS},
}

@misc{dind_ci,
  author       = {Abhinav Das},
  howpublished = {\url{https://applatix.com/case-docker-docker-kubernetes-part-2/} (Elérés ideje: 2019.12.17.)},
  title        = {A case for Docker-in-Docker on Kubernetes (Part 2)},
}

@misc{metrics_eks,
  author       = {Amazon Web Services},
  howpublished = {\url{https://docs.aws.amazon.com/eks/latest/userguide/metrics-server.html} (Elérés ideje: 2019.12.17.)},
  title        = {Installing the Kubernetes Metrics Server},
}

@misc{postgres_k8s,
  author       = {Arianit Uka (@arianitu)},
  howpublished = {\url{https://github.com/arianitu/postgres-statefulset} (Elérés ideje: 2019.12.17.)},
  title        = {postgres-statefulset},
}